@book{borceux,
	place = {Cambridge},
	series = {Encyclopedia of Mathematics and its Applications},
	title = {Handbook of Categorical Algebra},
	volume = {2},
	DOI = {10.1017/CBO9780511525865},
	publisher = {Cambridge University Press},
	author = {Borceux, Francis},
	year = {1994},
	collection = {Encyclopedia of Mathematics and its Applications},
}

@book{humphreys,
	title = {Representations of Semisimple Lie Algebras in the BGG Category $
	         \mathcal{O}$},
	year = {2008},
	author = {Humphreys, J.E.},
	isbn = {9780821872529},
	publisher = {American Mathematical Soc.},
}


@article{harish-chandra,
	title = {On some applications of the universal enveloping algebra of a
	         semisimple Lie algebra},
	author = {Harish-Chandra},
	journal = {Transactions of the American Mathematical Society},
	year = {1951},
	volume = {70},
	pages = {28-96},
}

@book{carter,
	place = {Cambridge},
	series = {Cambridge Studies in Advanced Mathematics},
	title = {Lie Algebras of Finite and Affine Type},
	DOI = {10.1017/CBO9780511614910},
	publisher = {Cambridge University Press},
	author = {Carter, Roger},
	year = {2005},
	collection = {Cambridge Studies in Advanced Mathematics},
}

@misc{kalinov,
	url = {https://web.northeastern.edu/iloseu/Kalinov_OSBim.pdf},
	year = {2015},
	title = {Category $\mathcal{O}$ and its basic properties},
	author = {Kalinov, Daniil},
} 

@book{maclane,
	added-at = {2009-09-18T21:22:09.000+0200},
	address = {New York},
	author = {MacLane, Saunders},
	biburl = {
	          https://www.bibsonomy.org/bibtex/29e8ca8b4bf357cc41e40e98cca25cb8c/minas
	          },
	interhash = {51566d046db4c3ea930c2b5ca79173f1},
	intrahash = {9e8ca8b4bf357cc41e40e98cca25cb8c},
	keywords = {CategoryTheory},
	mrclass = {18-02},
	mrnumber = {MR0354798 (50 \#7275)},
	mrreviewer = {H.-B. Brinkmann},
	note = {Graduate Texts in Mathematics, Vol. 5},
	pages = {ix+262},
	publisher = {Springer-Verlag},
	timestamp = {2009-09-18T21:22:09.000+0200},
	title = {Categories for the Working Mathematician},
	year = 1971,
}
